%% LaTeX2e file `.bib'
%% generated by the `filecontents' environment
%% from source `main' on 2020/10/01.
%%
 @conference {protools
  title     = "7th Workshop on Programming and Performance Visualization Tools (ProTools) @ SC'20",
  year      = "2020",
 }
