@proceedings{protools20,
	title = "7th Workshop on Programming and Performance Visualization Tools (ProTools) @ SC'20",
	year = "2020"
}
