@proceedings{nvidia20,
	title = "Multi-Dimensional Homomorphisms and Their Implementation in OpenCL. Talk @ NVIDIA 2020",
	year = "2020"
}